@website{airpressure,
title={17.1 Sound Waves},
url={https://courses.lumenlearning.com/suny-osuniversityphysics/chapter/17-1-sound-waves/},
journal={OpenStax University Physics}}

@website{shuremic,
title={Microphones: Transducer Types (Dynamic, Condenser, Ribbon)},
url={https://www.shure.eu/musicians/discover/educational/transducer-types},
journal={Shure}}

@website{l2p,
title={Digital Recording Does Not Chop Up Your Music},
author={Bruce Bartlett},
url={https://l2pnet.com/digital-recording-does-not-chop-your-music-11102010/},
journal={Live2Play Network}}

@website{hotnfun,
title={N.E.R.D. - Hot-n-fun (Official Music Video) ft. Nelly Furtado -- YouTube},
url={https://www.youtube.com/watch?v=F6ZfA5QZDHY},
journal={YouTube}}

@website{ultimateguitar,
title={HOT N FUN BASS (ver 2)},
url={https://tabs.ultimate-guitar.com/tab/n-e-r-d-/hot-n-fun-bass-1003978},
journal={UltimateGuitar}}

@website{3071,
title={Wavetable Synthesis},
author={Dr. Gary Scavone},
url={https://www.music.mcgill.ca/~gary/307/week4/wavetables.html},
journal={MUMT-307}}

@website{3072,
title={``Classical'' amplitude modulation},
author={Dr. Gary Scavone},
url={https://www.music.mcgill.ca/~gary/307/week9/node2.html},
journal={MUMT-307}}

@website{3073,
title={Basic frequency modulation},
author={Dr. Gary Scavone},
url={https://www.music.mcgill.ca/~gary/307/week9/node2.html},
journal={MUMT-307}}

@article{3074,
author = {J. M. Chowning},
year = {1973},
month = {07},
title = {The Synthesis of Complex Audio Spectra by Means of Frequency Modulation},
journal = {Journal of the Audio Engineering Society}
}

@website{complextone,
title={Music synthesis approaches sound quality of real instruments},
year={1994},
url={https://news.stanford.edu/pr/94/940607Arc4222.html},
journal={Stanford University News Service}}

@website{wavenet,
title={WaveNet: A generative model for raw audio | DeepMind},
year={2016},
month={09},
url={https://deepmind.com/blog/article/wavenet-generative-model-raw-audio}}

@website{dadabots1,
title={dadabots.com},
url={https://dadabots.com/}}

@article{dadabots2,
title={Generating Albums with SampleRNN to Imitate Metal, Rock, and Punk Bands},
author={CJ Carr and Zack Zukowski},
year={2018},
month={11}}

@misc{wavenetpaper,
title={WaveNet: A generative model for raw audio},
author={van den Oord et al},
year={2016}}

@article{intro1,
author={Crestel et al},
year={2018},
month={07},
title={Generating Orchestral Music by Conditioning SampleRNN},
journal={Timbre 2018: Timbre is a Many-Splendored Thing}
}

@misc{fftconv,
author={Mathieu and Henaff},
year={2014},
month={03},
title={Fast Training of Convolutional Networks through FFTs}}

@misc{wavenetcrit1,
author={Engel et al},
title={Neural Audio Synthesis of Musical Notes with WaveNet Autoencoders}
}

@misc{wavenetcrit2,
year={2018},
month={12},
author={Sinit Tafla},
title={AN ANALYSES OF THE CURRENT CAPABILITIES OF NEURAL NETWORKS TO PRODUCE MUSIC-RESEMBLING AUDIO}
}

@misc{samplernn,
year={2017},
author={Mehri et al},
title={SampleRNN: An unconditional end-to-end neural audio generation model},
journal={ICLR}}

@misc{phase,
author={Sander Dieleman},
title={Generating music in the waveform domain},
url={https://benanne.github.io/2020/03/24/audio-generation.html}}

@article{mulaw,
year={1988},
title={Pulse Code Modulation (PCM) of voice frequencies},
journal={ITU-T. Recommendation G. 711.}}

@misc{jukebox1,
title={Jukebox},
url={https://openai.com/blog/jukebox/}}

@misc{jukebox2,
title={Jukebox: A Generative Model for Music},
author={Dhariwal et al},
year={2020},
month={04}}

@misc{tacotron21,
title={Tactron 2: Generating Human-Like Speech from Text},
url={https://ai.googleblog.com/2017/12/tacotron-2-generating-human-like-speech.html}}

@misc{tacotron22,
title={Natural TTS Synthesis by Conditioning WaveNet on Mel Spectrogram Predictions},
author={Shen et al},
year={2018},
month={02}}

@misc{rnn,
author={Shervine Amidi},
title={CS 230 - Recurrent Neural Networks Cheatsheet},
url={https://stanford.edu/~shervine/teaching/cs-230/cheatsheet-recurrent-neural-networks}}

@misc{prism1,
url={https://www.rncm.ac.uk/research/research-centres-rncm/prism/prism-blog/a-short-history-of-neural-synthesis/},
author={Dr. Christopher Melen},
title={A Short History of Neural Synthesis}}

@misc{prism2,
title={PRiSM SampleRNN -- Neural sound synthesis with Tensorflow2},
url={https://github.com/rncm-prism/prism-samplernn}}

@misc{prism3,
title={Best parameters for a layperson - Issue \#5},
url={https://github.com/rncm-prism/prism-samplernn/issues/5}}

@misc{ddsp1,
title={DDSP: Differentiable Digital Signal Processing},
url={https://magenta.tensorflow.org/ddsp}}

@misc{ddsp2,
title={DDSP: Differentiable Digital Signal Processing},
author={Engel et al},
year={2020},
month={08},
journal={ICLR 2020}}

@misc{samplernnsamples,
author={Karl Hiner},
title={Generating Music with WaveNet and SampleRNN},
url={https://karlhiner.com/music_generation/wavenet_and_samplernn/}}

@article{differentiable,
author={Baydin et al},
year={2018},
title={Automatic Differentiation in Machine Learning},
journal={JMLR}}

@article{mlacoustics,
author={Bianco et al},
year={2019},
title={Machine learning in acoustics: theory and applications},
journal={Acoustical Society of America}}

@book{tonotopic,
author={Purves et al},
year={2001},
title={Neuroscience 2nd ed.},
}

@misc{auditorypathway,
author={Professor David Heeger},
title={Perception Lecture Notes: Auditory Pathways and Sound Localization},
}
